%@incollection{wang2011new,
%  title={A new collaborative filtering recommendation approach based on naive Bayesian method},
%  author={Wang, Kebin and Tan, Ying},
%  booktitle={Advances in Swarm Intelligence},
%  pages={218--227},
%  year={2011},
%  publisher={Springer}
%}

%@article{linden2003amazon,
%  title={Amazon. com recommendations: Item-to-item collaborative filtering},
%  author={Linden, Greg and Smith, Brent and York, Jeremy},
%  journal={Internet Computing, IEEE},
%  volume={7},
%  number={1},
%  pages={76--80},
%  year={2003},
%  publisher={IEEE}
%}

%@book{brusilovski2007adaptive,
%  title={The adaptive web: methods and strategies of web personalization},
%  author={Brusilovski, Peter and Kobsa, Alfred and Nejdl, Wolfgang},
%  volume={4321},
%  year={2007},
%  publisher={Springer Science \& Business Media}
%}


%@inproceedings{collins1996new,
%  title={A new statistical parser based on bigram lexical dependencies},
%  author={Collins, Michael John},
%  booktitle={Proceedings of the 34th annual meeting on Association for Computational Linguistics},
%  pages={184--191},
%  year={1996},
%  organization={Association for Computational Linguistics}
%}

%@ONLINE{lexi,
%title = {Lexicography},
%url = {http://www.christianlehmann.eu/ling/ling_meth/ling_description/lexicogrphy/index.html}
%}

@misc{openstack,
    url       = "http://www.openstack.org"
}

@article{deploy,
  author =       "Sidharth Sachdev and Amit Mahajan",
  title =        "Deployment of Private Cloud using Open Stack: An Open Source Cloud Computing Solution for Small and Mid-sized Organizations",
  volume =       "3",
  number =       "10",
  publisher = "International Journal of Advanced Research in Computer Science and Software Engineering",
   year = "2013"
}

@misc{wiki,
    url       = "http://en.wikipedia.org/wiki/OpenStack"
}

@article{chen,

    author= "Gary Chen",
    title= "White Paper- OpenStack and Red hat",
    url = "www.idc.com",
    year="2013",    
}

@misc{ben,
    url       = "https://www.salesforce.com/uk/blog/2015/11/why-move-to-the- cloud-10-benefits-of-cloud-computing.html"
}

@book{miller,
  title={Cloud Computing: Web-Based Applications That Change the Way You Work and Collaborate Online},
  author={Michael Miller},
  year={2008},
  publisher={Que Publishing}
}
